<?xml version="1.0" encoding="UTF-8"?><collection xmlns="http://www.loc.gov/MARC21/slim"><record><leader>00642nam--2200217-i-4500</leader><controlfield tag="001">000020631</controlfield><controlfield tag="002">20161230</controlfield><controlfield tag="005">20161230201033</controlfield><controlfield tag="008">060222s1000------------r-----000-0-eng-d</controlfield><datafield ind1=" " ind2=" " tag="020"><subfield code="a">3540580808</subfield></datafield><datafield ind1=" " ind2=" " tag="040"><subfield code="a">IFIN-HH</subfield></datafield><datafield ind1=" " ind2=" " tag="080"><subfield code="a">530.145.3</subfield></datafield><datafield ind1="1" ind2=" " tag="100"><subfield code="a">Greiner, Walter</subfield></datafield><datafield ind1="1" ind2="0" tag="245"><subfield code="a">Quantum mechaninc, symetries</subfield><subfield code="b">With a foreword by d.a. bromley</subfield><subfield code="c">Walter greiner; berndt muller</subfield></datafield><datafield ind1=" " ind2=" " tag="250"><subfield code="a">Second Revised Edition</subfield></datafield><datafield ind1=" " ind2=" " tag="260"><subfield code="a">Berlin</subfield><subfield code="b">Springer-verlag</subfield><subfield code="c">1989</subfield></datafield><datafield ind1=" " ind2=" " tag="300"><subfield code="a">496 P</subfield></datafield><datafield ind1=" " ind2=" " tag="500"><subfield code="a">With 81 Figures And 127 Worked Examples And Problems</subfield></datafield><datafield ind1="1" ind2=" " tag="700"><subfield code="a">Muller, Berndt</subfield></datafield><datafield ind1=" " ind2=" " tag="852"><subfield code="a">80515</subfield><subfield code="c">530.14</subfield></datafield><datafield ind1=" " ind2=" " tag="CAT"><subfield code="a">Sys</subfield><subfield code="c">20110324</subfield><subfield code="h">134133</subfield></datafield></record></collection>